<?xml version="1.0" encoding="UTF-8"?><collection xmlns="http://www.loc.gov/MARC21/slim"><record><leader>00380nam--2200133-i-4500</leader><controlfield tag="001">000035788</controlfield><controlfield tag="002">20161230</controlfield><controlfield tag="005">20161230201040</controlfield><controlfield tag="008">060222s1000------------r-----000-0-eng-d</controlfield><datafield ind1=" " ind2=" " tag="080"><subfield code="a">007</subfield></datafield><datafield ind1=" " ind2=" " tag="245"><subfield code="a">Optical processing of information</subfield></datafield><datafield ind1=" " ind2=" " tag="260"><subfield code="a">Baltimore, Spartan Books, Inc., 1963, X + 286p</subfield></datafield><datafield ind1=" " ind2=" " tag="700"><subfield code="a">Pollock, Donald K., Koester, Charles J.And Tippett, James T</subfield></datafield><datafield ind1=" " ind2=" " tag="852"><subfield code="a">30359</subfield></datafield></record></collection>